%YAML 1.1
%TAG !u! tag:unity3d.com,2011:
--- !u!1 &7076680649787194579
GameObject:
  m_ObjectHideFlags: 0
  m_CorrespondingSourceObject: {fileID: 0}
  m_PrefabInstance: {fileID: 0}
  m_PrefabAsset: {fileID: 0}
  serializedVersion: 6
  m_Component:
  - component: {fileID: 140013714282681205}
  - component: {fileID: 9088518107977926819}
  - component: {fileID: -8221082678803596730}
  m_Layer: 5
  m_Name: Row
  m_TagString: Untagged
  m_Icon: {fileID: 0}
  m_NavMeshLayer: 0
  m_StaticEditorFlags: 0
  m_IsActive: 1
--- !u!224 &140013714282681205
RectTransform:
  m_ObjectHideFlags: 0
  m_CorrespondingSourceObject: {fileID: 0}
  m_PrefabInstance: {fileID: 0}
  m_PrefabAsset: {fileID: 0}
  m_GameObject: {fileID: 7076680649787194579}
  m_LocalRotation: {x: 0, y: 0, z: 0, w: 1}
  m_LocalPosition: {x: 0, y: 0, z: 0}
  m_LocalScale: {x: 1, y: 1, z: 1}
  m_ConstrainProportionsScale: 0
  m_Children:
  - {fileID: 2675123708674468222}
  - {fileID: 7187396521141065899}
  - {fileID: 1084907619544470559}
  - {fileID: 5060580739067207394}
  - {fileID: 5678878789064466001}
  m_Father: {fileID: 0}
  m_RootOrder: 0
  m_LocalEulerAnglesHint: {x: 0, y: 0, z: 0}
  m_AnchorMin: {x: 0.5, y: 0.5}
  m_AnchorMax: {x: 0.5, y: 0.5}
  m_AnchoredPosition: {x: 0, y: 0}
  m_SizeDelta: {x: 100, y: 100}
  m_Pivot: {x: 0.5, y: 0.5}
--- !u!114 &9088518107977926819
MonoBehaviour:
  m_ObjectHideFlags: 0
  m_CorrespondingSourceObject: {fileID: 0}
  m_PrefabInstance: {fileID: 0}
  m_PrefabAsset: {fileID: 0}
  m_GameObject: {fileID: 7076680649787194579}
  m_Enabled: 1
  m_EditorHideFlags: 0
  m_Script: {fileID: 11500000, guid: 30649d3a9faa99c48a7b1166b86bf2a0, type: 3}
  m_Name: 
  m_EditorClassIdentifier: 
  m_Padding:
    m_Left: 0
    m_Right: 0
    m_Top: 0
    m_Bottom: 0
  m_ChildAlignment: 4
  m_Spacing: 16
  m_ChildForceExpandWidth: 0
  m_ChildForceExpandHeight: 0
  m_ChildControlWidth: 0
  m_ChildControlHeight: 0
  m_ChildScaleWidth: 0
  m_ChildScaleHeight: 0
  m_ReverseArrangement: 0
--- !u!114 &-8221082678803596730
MonoBehaviour:
  m_ObjectHideFlags: 0
  m_CorrespondingSourceObject: {fileID: 0}
  m_PrefabInstance: {fileID: 0}
  m_PrefabAsset: {fileID: 0}
  m_GameObject: {fileID: 7076680649787194579}
  m_Enabled: 1
  m_EditorHideFlags: 0
  m_Script: {fileID: 11500000, guid: ab5a993f67383364e92b4c5b0c483eb7, type: 3}
  m_Name: 
  m_EditorClassIdentifier: 
--- !u!1001 &190162569050059081
PrefabInstance:
  m_ObjectHideFlags: 0
  serializedVersion: 2
  m_Modification:
    m_TransformParent: {fileID: 140013714282681205}
    m_Modifications:
    - target: {fileID: 736488583543037750, guid: 404b9dc8dbc35664d845bb48377b79cf,
        type: 3}
      propertyPath: m_Name
      value: Tile (4)
      objectReference: {fileID: 0}
    - target: {fileID: 5507051266062020376, guid: 404b9dc8dbc35664d845bb48377b79cf,
        type: 3}
      propertyPath: m_Pivot.x
      value: 0.5
      objectReference: {fileID: 0}
    - target: {fileID: 5507051266062020376, guid: 404b9dc8dbc35664d845bb48377b79cf,
        type: 3}
      propertyPath: m_Pivot.y
      value: 0.5
      objectReference: {fileID: 0}
    - target: {fileID: 5507051266062020376, guid: 404b9dc8dbc35664d845bb48377b79cf,
        type: 3}
      propertyPath: m_RootOrder
      value: 4
      objectReference: {fileID: 0}
    - target: {fileID: 5507051266062020376, guid: 404b9dc8dbc35664d845bb48377b79cf,
        type: 3}
      propertyPath: m_AnchorMax.x
      value: 0
      objectReference: {fileID: 0}
    - target: {fileID: 5507051266062020376, guid: 404b9dc8dbc35664d845bb48377b79cf,
        type: 3}
      propertyPath: m_AnchorMax.y
      value: 0
      objectReference: {fileID: 0}
    - target: {fileID: 5507051266062020376, guid: 404b9dc8dbc35664d845bb48377b79cf,
        type: 3}
      propertyPath: m_AnchorMin.x
      value: 0
      objectReference: {fileID: 0}
    - target: {fileID: 5507051266062020376, guid: 404b9dc8dbc35664d845bb48377b79cf,
        type: 3}
      propertyPath: m_AnchorMin.y
      value: 0
      objectReference: {fileID: 0}
    - target: {fileID: 5507051266062020376, guid: 404b9dc8dbc35664d845bb48377b79cf,
        type: 3}
      propertyPath: m_SizeDelta.x
      value: 100
      objectReference: {fileID: 0}
    - target: {fileID: 5507051266062020376, guid: 404b9dc8dbc35664d845bb48377b79cf,
        type: 3}
      propertyPath: m_SizeDelta.y
      value: 100
      objectReference: {fileID: 0}
    - target: {fileID: 5507051266062020376, guid: 404b9dc8dbc35664d845bb48377b79cf,
        type: 3}
      propertyPath: m_LocalPosition.x
      value: 0
      objectReference: {fileID: 0}
    - target: {fileID: 5507051266062020376, guid: 404b9dc8dbc35664d845bb48377b79cf,
        type: 3}
      propertyPath: m_LocalPosition.y
      value: 0
      objectReference: {fileID: 0}
    - target: {fileID: 5507051266062020376, guid: 404b9dc8dbc35664d845bb48377b79cf,
        type: 3}
      propertyPath: m_LocalPosition.z
      value: 0
      objectReference: {fileID: 0}
    - target: {fileID: 5507051266062020376, guid: 404b9dc8dbc35664d845bb48377b79cf,
        type: 3}
      propertyPath: m_LocalRotation.w
      value: 1
      objectReference: {fileID: 0}
    - target: {fileID: 5507051266062020376, guid: 404b9dc8dbc35664d845bb48377b79cf,
        type: 3}
      propertyPath: m_LocalRotation.x
      value: 0
      objectReference: {fileID: 0}
    - target: {fileID: 5507051266062020376, guid: 404b9dc8dbc35664d845bb48377b79cf,
        type: 3}
      propertyPath: m_LocalRotation.y
      value: 0
      objectReference: {fileID: 0}
    - target: {fileID: 5507051266062020376, guid: 404b9dc8dbc35664d845bb48377b79cf,
        type: 3}
      propertyPath: m_LocalRotation.z
      value: 0
      objectReference: {fileID: 0}
    - target: {fileID: 5507051266062020376, guid: 404b9dc8dbc35664d845bb48377b79cf,
        type: 3}
      propertyPath: m_AnchoredPosition.x
      value: 0
      objectReference: {fileID: 0}
    - target: {fileID: 5507051266062020376, guid: 404b9dc8dbc35664d845bb48377b79cf,
        type: 3}
      propertyPath: m_AnchoredPosition.y
      value: 0
      objectReference: {fileID: 0}
    - target: {fileID: 5507051266062020376, guid: 404b9dc8dbc35664d845bb48377b79cf,
        type: 3}
      propertyPath: m_LocalEulerAnglesHint.x
      value: 0
      objectReference: {fileID: 0}
    - target: {fileID: 5507051266062020376, guid: 404b9dc8dbc35664d845bb48377b79cf,
        type: 3}
      propertyPath: m_LocalEulerAnglesHint.y
      value: 0
      objectReference: {fileID: 0}
    - target: {fileID: 5507051266062020376, guid: 404b9dc8dbc35664d845bb48377b79cf,
        type: 3}
      propertyPath: m_LocalEulerAnglesHint.z
      value: 0
      objectReference: {fileID: 0}
    m_RemovedComponents: []
  m_SourcePrefab: {fileID: 100100000, guid: 404b9dc8dbc35664d845bb48377b79cf, type: 3}
--- !u!224 &5678878789064466001 stripped
RectTransform:
  m_CorrespondingSourceObject: {fileID: 5507051266062020376, guid: 404b9dc8dbc35664d845bb48377b79cf,
    type: 3}
  m_PrefabInstance: {fileID: 190162569050059081}
  m_PrefabAsset: {fileID: 0}
--- !u!1001 &744838504104931834
PrefabInstance:
  m_ObjectHideFlags: 0
  serializedVersion: 2
  m_Modification:
    m_TransformParent: {fileID: 140013714282681205}
    m_Modifications:
    - target: {fileID: 736488583543037750, guid: 404b9dc8dbc35664d845bb48377b79cf,
        type: 3}
      propertyPath: m_Name
      value: Tile (3)
      objectReference: {fileID: 0}
    - target: {fileID: 5507051266062020376, guid: 404b9dc8dbc35664d845bb48377b79cf,
        type: 3}
      propertyPath: m_Pivot.x
      value: 0.5
      objectReference: {fileID: 0}
    - target: {fileID: 5507051266062020376, guid: 404b9dc8dbc35664d845bb48377b79cf,
        type: 3}
      propertyPath: m_Pivot.y
      value: 0.5
      objectReference: {fileID: 0}
    - target: {fileID: 5507051266062020376, guid: 404b9dc8dbc35664d845bb48377b79cf,
        type: 3}
      propertyPath: m_RootOrder
      value: 3
      objectReference: {fileID: 0}
    - target: {fileID: 5507051266062020376, guid: 404b9dc8dbc35664d845bb48377b79cf,
        type: 3}
      propertyPath: m_AnchorMax.x
      value: 0
      objectReference: {fileID: 0}
    - target: {fileID: 5507051266062020376, guid: 404b9dc8dbc35664d845bb48377b79cf,
        type: 3}
      propertyPath: m_AnchorMax.y
      value: 0
      objectReference: {fileID: 0}
    - target: {fileID: 5507051266062020376, guid: 404b9dc8dbc35664d845bb48377b79cf,
        type: 3}
      propertyPath: m_AnchorMin.x
      value: 0
      objectReference: {fileID: 0}
    - target: {fileID: 5507051266062020376, guid: 404b9dc8dbc35664d845bb48377b79cf,
        type: 3}
      propertyPath: m_AnchorMin.y
      value: 0
      objectReference: {fileID: 0}
    - target: {fileID: 5507051266062020376, guid: 404b9dc8dbc35664d845bb48377b79cf,
        type: 3}
      propertyPath: m_SizeDelta.x
      value: 100
      objectReference: {fileID: 0}
    - target: {fileID: 5507051266062020376, guid: 404b9dc8dbc35664d845bb48377b79cf,
        type: 3}
      propertyPath: m_SizeDelta.y
      value: 100
      objectReference: {fileID: 0}
    - target: {fileID: 5507051266062020376, guid: 404b9dc8dbc35664d845bb48377b79cf,
        type: 3}
      propertyPath: m_LocalPosition.x
      value: 0
      objectReference: {fileID: 0}
    - target: {fileID: 5507051266062020376, guid: 404b9dc8dbc35664d845bb48377b79cf,
        type: 3}
      propertyPath: m_LocalPosition.y
      value: 0
      objectReference: {fileID: 0}
    - target: {fileID: 5507051266062020376, guid: 404b9dc8dbc35664d845bb48377b79cf,
        type: 3}
      propertyPath: m_LocalPosition.z
      value: 0
      objectReference: {fileID: 0}
    - target: {fileID: 5507051266062020376, guid: 404b9dc8dbc35664d845bb48377b79cf,
        type: 3}
      propertyPath: m_LocalRotation.w
      value: 1
      objectReference: {fileID: 0}
    - target: {fileID: 5507051266062020376, guid: 404b9dc8dbc35664d845bb48377b79cf,
        type: 3}
      propertyPath: m_LocalRotation.x
      value: 0
      objectReference: {fileID: 0}
    - target: {fileID: 5507051266062020376, guid: 404b9dc8dbc35664d845bb48377b79cf,
        type: 3}
      propertyPath: m_LocalRotation.y
      value: 0
      objectReference: {fileID: 0}
    - target: {fileID: 5507051266062020376, guid: 404b9dc8dbc35664d845bb48377b79cf,
        type: 3}
      propertyPath: m_LocalRotation.z
      value: 0
      objectReference: {fileID: 0}
    - target: {fileID: 5507051266062020376, guid: 404b9dc8dbc35664d845bb48377b79cf,
        type: 3}
      propertyPath: m_AnchoredPosition.x
      value: 0
      objectReference: {fileID: 0}
    - target: {fileID: 5507051266062020376, guid: 404b9dc8dbc35664d845bb48377b79cf,
        type: 3}
      propertyPath: m_AnchoredPosition.y
      value: 0
      objectReference: {fileID: 0}
    - target: {fileID: 5507051266062020376, guid: 404b9dc8dbc35664d845bb48377b79cf,
        type: 3}
      propertyPath: m_LocalEulerAnglesHint.x
      value: 0
      objectReference: {fileID: 0}
    - target: {fileID: 5507051266062020376, guid: 404b9dc8dbc35664d845bb48377b79cf,
        type: 3}
      propertyPath: m_LocalEulerAnglesHint.y
      value: 0
      objectReference: {fileID: 0}
    - target: {fileID: 5507051266062020376, guid: 404b9dc8dbc35664d845bb48377b79cf,
        type: 3}
      propertyPath: m_LocalEulerAnglesHint.z
      value: 0
      objectReference: {fileID: 0}
    m_RemovedComponents: []
  m_SourcePrefab: {fileID: 100100000, guid: 404b9dc8dbc35664d845bb48377b79cf, type: 3}
--- !u!224 &5060580739067207394 stripped
RectTransform:
  m_CorrespondingSourceObject: {fileID: 5507051266062020376, guid: 404b9dc8dbc35664d845bb48377b79cf,
    type: 3}
  m_PrefabInstance: {fileID: 744838504104931834}
  m_PrefabAsset: {fileID: 0}
--- !u!1001 &3445881522639353779
PrefabInstance:
  m_ObjectHideFlags: 0
  serializedVersion: 2
  m_Modification:
    m_TransformParent: {fileID: 140013714282681205}
    m_Modifications:
    - target: {fileID: 736488583543037750, guid: 404b9dc8dbc35664d845bb48377b79cf,
        type: 3}
      propertyPath: m_Name
      value: Tile (1)
      objectReference: {fileID: 0}
    - target: {fileID: 5507051266062020376, guid: 404b9dc8dbc35664d845bb48377b79cf,
        type: 3}
      propertyPath: m_Pivot.x
      value: 0.5
      objectReference: {fileID: 0}
    - target: {fileID: 5507051266062020376, guid: 404b9dc8dbc35664d845bb48377b79cf,
        type: 3}
      propertyPath: m_Pivot.y
      value: 0.5
      objectReference: {fileID: 0}
    - target: {fileID: 5507051266062020376, guid: 404b9dc8dbc35664d845bb48377b79cf,
        type: 3}
      propertyPath: m_RootOrder
      value: 1
      objectReference: {fileID: 0}
    - target: {fileID: 5507051266062020376, guid: 404b9dc8dbc35664d845bb48377b79cf,
        type: 3}
      propertyPath: m_AnchorMax.x
      value: 0
      objectReference: {fileID: 0}
    - target: {fileID: 5507051266062020376, guid: 404b9dc8dbc35664d845bb48377b79cf,
        type: 3}
      propertyPath: m_AnchorMax.y
      value: 0
      objectReference: {fileID: 0}
    - target: {fileID: 5507051266062020376, guid: 404b9dc8dbc35664d845bb48377b79cf,
        type: 3}
      propertyPath: m_AnchorMin.x
      value: 0
      objectReference: {fileID: 0}
    - target: {fileID: 5507051266062020376, guid: 404b9dc8dbc35664d845bb48377b79cf,
        type: 3}
      propertyPath: m_AnchorMin.y
      value: 0
      objectReference: {fileID: 0}
    - target: {fileID: 5507051266062020376, guid: 404b9dc8dbc35664d845bb48377b79cf,
        type: 3}
      propertyPath: m_SizeDelta.x
      value: 100
      objectReference: {fileID: 0}
    - target: {fileID: 5507051266062020376, guid: 404b9dc8dbc35664d845bb48377b79cf,
        type: 3}
      propertyPath: m_SizeDelta.y
      value: 100
      objectReference: {fileID: 0}
    - target: {fileID: 5507051266062020376, guid: 404b9dc8dbc35664d845bb48377b79cf,
        type: 3}
      propertyPath: m_LocalPosition.x
      value: 0
      objectReference: {fileID: 0}
    - target: {fileID: 5507051266062020376, guid: 404b9dc8dbc35664d845bb48377b79cf,
        type: 3}
      propertyPath: m_LocalPosition.y
      value: 0
      objectReference: {fileID: 0}
    - target: {fileID: 5507051266062020376, guid: 404b9dc8dbc35664d845bb48377b79cf,
        type: 3}
      propertyPath: m_LocalPosition.z
      value: 0
      objectReference: {fileID: 0}
    - target: {fileID: 5507051266062020376, guid: 404b9dc8dbc35664d845bb48377b79cf,
        type: 3}
      propertyPath: m_LocalRotation.w
      value: 1
      objectReference: {fileID: 0}
    - target: {fileID: 5507051266062020376, guid: 404b9dc8dbc35664d845bb48377b79cf,
        type: 3}
      propertyPath: m_LocalRotation.x
      value: 0
      objectReference: {fileID: 0}
    - target: {fileID: 5507051266062020376, guid: 404b9dc8dbc35664d845bb48377b79cf,
        type: 3}
      propertyPath: m_LocalRotation.y
      value: 0
      objectReference: {fileID: 0}
    - target: {fileID: 5507051266062020376, guid: 404b9dc8dbc35664d845bb48377b79cf,
        type: 3}
      propertyPath: m_LocalRotation.z
      value: 0
      objectReference: {fileID: 0}
    - target: {fileID: 5507051266062020376, guid: 404b9dc8dbc35664d845bb48377b79cf,
        type: 3}
      propertyPath: m_AnchoredPosition.x
      value: 0
      objectReference: {fileID: 0}
    - target: {fileID: 5507051266062020376, guid: 404b9dc8dbc35664d845bb48377b79cf,
        type: 3}
      propertyPath: m_AnchoredPosition.y
      value: 0
      objectReference: {fileID: 0}
    - target: {fileID: 5507051266062020376, guid: 404b9dc8dbc35664d845bb48377b79cf,
        type: 3}
      propertyPath: m_LocalEulerAnglesHint.x
      value: 0
      objectReference: {fileID: 0}
    - target: {fileID: 5507051266062020376, guid: 404b9dc8dbc35664d845bb48377b79cf,
        type: 3}
      propertyPath: m_LocalEulerAnglesHint.y
      value: 0
      objectReference: {fileID: 0}
    - target: {fileID: 5507051266062020376, guid: 404b9dc8dbc35664d845bb48377b79cf,
        type: 3}
      propertyPath: m_LocalEulerAnglesHint.z
      value: 0
      objectReference: {fileID: 0}
    m_RemovedComponents: []
  m_SourcePrefab: {fileID: 100100000, guid: 404b9dc8dbc35664d845bb48377b79cf, type: 3}
--- !u!224 &7187396521141065899 stripped
RectTransform:
  m_CorrespondingSourceObject: {fileID: 5507051266062020376, guid: 404b9dc8dbc35664d845bb48377b79cf,
    type: 3}
  m_PrefabInstance: {fileID: 3445881522639353779}
  m_PrefabAsset: {fileID: 0}
--- !u!1001 &4855623984725490439
PrefabInstance:
  m_ObjectHideFlags: 0
  serializedVersion: 2
  m_Modification:
    m_TransformParent: {fileID: 140013714282681205}
    m_Modifications:
    - target: {fileID: 736488583543037750, guid: 404b9dc8dbc35664d845bb48377b79cf,
        type: 3}
      propertyPath: m_Name
      value: Tile (2)
      objectReference: {fileID: 0}
    - target: {fileID: 5507051266062020376, guid: 404b9dc8dbc35664d845bb48377b79cf,
        type: 3}
      propertyPath: m_Pivot.x
      value: 0.5
      objectReference: {fileID: 0}
    - target: {fileID: 5507051266062020376, guid: 404b9dc8dbc35664d845bb48377b79cf,
        type: 3}
      propertyPath: m_Pivot.y
      value: 0.5
      objectReference: {fileID: 0}
    - target: {fileID: 5507051266062020376, guid: 404b9dc8dbc35664d845bb48377b79cf,
        type: 3}
      propertyPath: m_RootOrder
      value: 2
      objectReference: {fileID: 0}
    - target: {fileID: 5507051266062020376, guid: 404b9dc8dbc35664d845bb48377b79cf,
        type: 3}
      propertyPath: m_AnchorMax.x
      value: 0
      objectReference: {fileID: 0}
    - target: {fileID: 5507051266062020376, guid: 404b9dc8dbc35664d845bb48377b79cf,
        type: 3}
      propertyPath: m_AnchorMax.y
      value: 0
      objectReference: {fileID: 0}
    - target: {fileID: 5507051266062020376, guid: 404b9dc8dbc35664d845bb48377b79cf,
        type: 3}
      propertyPath: m_AnchorMin.x
      value: 0
      objectReference: {fileID: 0}
    - target: {fileID: 5507051266062020376, guid: 404b9dc8dbc35664d845bb48377b79cf,
        type: 3}
      propertyPath: m_AnchorMin.y
      value: 0
      objectReference: {fileID: 0}
    - target: {fileID: 5507051266062020376, guid: 404b9dc8dbc35664d845bb48377b79cf,
        type: 3}
      propertyPath: m_SizeDelta.x
      value: 100
      objectReference: {fileID: 0}
    - target: {fileID: 5507051266062020376, guid: 404b9dc8dbc35664d845bb48377b79cf,
        type: 3}
      propertyPath: m_SizeDelta.y
      value: 100
      objectReference: {fileID: 0}
    - target: {fileID: 5507051266062020376, guid: 404b9dc8dbc35664d845bb48377b79cf,
        type: 3}
      propertyPath: m_LocalPosition.x
      value: 0
      objectReference: {fileID: 0}
    - target: {fileID: 5507051266062020376, guid: 404b9dc8dbc35664d845bb48377b79cf,
        type: 3}
      propertyPath: m_LocalPosition.y
      value: 0
      objectReference: {fileID: 0}
    - target: {fileID: 5507051266062020376, guid: 404b9dc8dbc35664d845bb48377b79cf,
        type: 3}
      propertyPath: m_LocalPosition.z
      value: 0
      objectReference: {fileID: 0}
    - target: {fileID: 5507051266062020376, guid: 404b9dc8dbc35664d845bb48377b79cf,
        type: 3}
      propertyPath: m_LocalRotation.w
      value: 1
      objectReference: {fileID: 0}
    - target: {fileID: 5507051266062020376, guid: 404b9dc8dbc35664d845bb48377b79cf,
        type: 3}
      propertyPath: m_LocalRotation.x
      value: 0
      objectReference: {fileID: 0}
    - target: {fileID: 5507051266062020376, guid: 404b9dc8dbc35664d845bb48377b79cf,
        type: 3}
      propertyPath: m_LocalRotation.y
      value: 0
      objectReference: {fileID: 0}
    - target: {fileID: 5507051266062020376, guid: 404b9dc8dbc35664d845bb48377b79cf,
        type: 3}
      propertyPath: m_LocalRotation.z
      value: 0
      objectReference: {fileID: 0}
    - target: {fileID: 5507051266062020376, guid: 404b9dc8dbc35664d845bb48377b79cf,
        type: 3}
      propertyPath: m_AnchoredPosition.x
      value: 0
      objectReference: {fileID: 0}
    - target: {fileID: 5507051266062020376, guid: 404b9dc8dbc35664d845bb48377b79cf,
        type: 3}
      propertyPath: m_AnchoredPosition.y
      value: 0
      objectReference: {fileID: 0}
    - target: {fileID: 5507051266062020376, guid: 404b9dc8dbc35664d845bb48377b79cf,
        type: 3}
      propertyPath: m_LocalEulerAnglesHint.x
      value: 0
      objectReference: {fileID: 0}
    - target: {fileID: 5507051266062020376, guid: 404b9dc8dbc35664d845bb48377b79cf,
        type: 3}
      propertyPath: m_LocalEulerAnglesHint.y
      value: 0
      objectReference: {fileID: 0}
    - target: {fileID: 5507051266062020376, guid: 404b9dc8dbc35664d845bb48377b79cf,
        type: 3}
      propertyPath: m_LocalEulerAnglesHint.z
      value: 0
      objectReference: {fileID: 0}
    m_RemovedComponents: []
  m_SourcePrefab: {fileID: 100100000, guid: 404b9dc8dbc35664d845bb48377b79cf, type: 3}
--- !u!224 &1084907619544470559 stripped
RectTransform:
  m_CorrespondingSourceObject: {fileID: 5507051266062020376, guid: 404b9dc8dbc35664d845bb48377b79cf,
    type: 3}
  m_PrefabInstance: {fileID: 4855623984725490439}
  m_PrefabAsset: {fileID: 0}
--- !u!1001 &7598429245965698662
PrefabInstance:
  m_ObjectHideFlags: 0
  serializedVersion: 2
  m_Modification:
    m_TransformParent: {fileID: 140013714282681205}
    m_Modifications:
    - target: {fileID: 736488583543037750, guid: 404b9dc8dbc35664d845bb48377b79cf,
        type: 3}
      propertyPath: m_Name
      value: Tile
      objectReference: {fileID: 0}
    - target: {fileID: 5507051266062020376, guid: 404b9dc8dbc35664d845bb48377b79cf,
        type: 3}
      propertyPath: m_Pivot.x
      value: 0.5
      objectReference: {fileID: 0}
    - target: {fileID: 5507051266062020376, guid: 404b9dc8dbc35664d845bb48377b79cf,
        type: 3}
      propertyPath: m_Pivot.y
      value: 0.5
      objectReference: {fileID: 0}
    - target: {fileID: 5507051266062020376, guid: 404b9dc8dbc35664d845bb48377b79cf,
        type: 3}
      propertyPath: m_RootOrder
      value: 0
      objectReference: {fileID: 0}
    - target: {fileID: 5507051266062020376, guid: 404b9dc8dbc35664d845bb48377b79cf,
        type: 3}
      propertyPath: m_AnchorMax.x
      value: 0
      objectReference: {fileID: 0}
    - target: {fileID: 5507051266062020376, guid: 404b9dc8dbc35664d845bb48377b79cf,
        type: 3}
      propertyPath: m_AnchorMax.y
      value: 0
      objectReference: {fileID: 0}
    - target: {fileID: 5507051266062020376, guid: 404b9dc8dbc35664d845bb48377b79cf,
        type: 3}
      propertyPath: m_AnchorMin.x
      value: 0
      objectReference: {fileID: 0}
    - target: {fileID: 5507051266062020376, guid: 404b9dc8dbc35664d845bb48377b79cf,
        type: 3}
      propertyPath: m_AnchorMin.y
      value: 0
      objectReference: {fileID: 0}
    - target: {fileID: 5507051266062020376, guid: 404b9dc8dbc35664d845bb48377b79cf,
        type: 3}
      propertyPath: m_SizeDelta.x
      value: 100
      objectReference: {fileID: 0}
    - target: {fileID: 5507051266062020376, guid: 404b9dc8dbc35664d845bb48377b79cf,
        type: 3}
      propertyPath: m_SizeDelta.y
      value: 100
      objectReference: {fileID: 0}
    - target: {fileID: 5507051266062020376, guid: 404b9dc8dbc35664d845bb48377b79cf,
        type: 3}
      propertyPath: m_LocalPosition.x
      value: 0
      objectReference: {fileID: 0}
    - target: {fileID: 5507051266062020376, guid: 404b9dc8dbc35664d845bb48377b79cf,
        type: 3}
      propertyPath: m_LocalPosition.y
      value: 0
      objectReference: {fileID: 0}
    - target: {fileID: 5507051266062020376, guid: 404b9dc8dbc35664d845bb48377b79cf,
        type: 3}
      propertyPath: m_LocalPosition.z
      value: 0
      objectReference: {fileID: 0}
    - target: {fileID: 5507051266062020376, guid: 404b9dc8dbc35664d845bb48377b79cf,
        type: 3}
      propertyPath: m_LocalRotation.w
      value: 1
      objectReference: {fileID: 0}
    - target: {fileID: 5507051266062020376, guid: 404b9dc8dbc35664d845bb48377b79cf,
        type: 3}
      propertyPath: m_LocalRotation.x
      value: 0
      objectReference: {fileID: 0}
    - target: {fileID: 5507051266062020376, guid: 404b9dc8dbc35664d845bb48377b79cf,
        type: 3}
      propertyPath: m_LocalRotation.y
      value: 0
      objectReference: {fileID: 0}
    - target: {fileID: 5507051266062020376, guid: 404b9dc8dbc35664d845bb48377b79cf,
        type: 3}
      propertyPath: m_LocalRotation.z
      value: 0
      objectReference: {fileID: 0}
    - target: {fileID: 5507051266062020376, guid: 404b9dc8dbc35664d845bb48377b79cf,
        type: 3}
      propertyPath: m_AnchoredPosition.x
      value: 0
      objectReference: {fileID: 0}
    - target: {fileID: 5507051266062020376, guid: 404b9dc8dbc35664d845bb48377b79cf,
        type: 3}
      propertyPath: m_AnchoredPosition.y
      value: 0
      objectReference: {fileID: 0}
    - target: {fileID: 5507051266062020376, guid: 404b9dc8dbc35664d845bb48377b79cf,
        type: 3}
      propertyPath: m_LocalEulerAnglesHint.x
      value: 0
      objectReference: {fileID: 0}
    - target: {fileID: 5507051266062020376, guid: 404b9dc8dbc35664d845bb48377b79cf,
        type: 3}
      propertyPath: m_LocalEulerAnglesHint.y
      value: 0
      objectReference: {fileID: 0}
    - target: {fileID: 5507051266062020376, guid: 404b9dc8dbc35664d845bb48377b79cf,
        type: 3}
      propertyPath: m_LocalEulerAnglesHint.z
      value: 0
      objectReference: {fileID: 0}
    m_RemovedComponents: []
  m_SourcePrefab: {fileID: 100100000, guid: 404b9dc8dbc35664d845bb48377b79cf, type: 3}
--- !u!224 &2675123708674468222 stripped
RectTransform:
  m_CorrespondingSourceObject: {fileID: 5507051266062020376, guid: 404b9dc8dbc35664d845bb48377b79cf,
    type: 3}
  m_PrefabInstance: {fileID: 7598429245965698662}
  m_PrefabAsset: {fileID: 0}
